@inproceedings{MENS:14,
 author={Lamb, Christopher C. and Heileman, Gregory L.},
 booktitle={ 6th IEEE International Workshop on Management of Emerging Networks and Services},
 title={Towards Robust Trust in Software Defined Networks},
 year={2014},
 month=dec,
 volume={},
 number={},
 pages={},
 keywords={},
 doi={},
 ISSN={}
}

@book {La:03,	
	author = "Craig Larman",
	publisher = "O'Reilly|Google Press",
	title = "Agile and Iterative Development: {A} Manager's Guide",
	year =  2003,
	isbn = "0131111558"
}

@inproceedings {AlHe:08,
 author = {Sinan al-Saffar and Gregory L. Heileman},
 title = {Semantic Impact Graphs for Information Valuation},
 booktitle =  {Proceeding of the Eighth ACM Symposium on Document Engineering}, 
 address = {Sao Paulo, Brazil}, 
 pages = {209--212}, 
 month = 9, 
 year = {2008}
}

@inproceedings {AlHe:10,
 author = {Sinan al-Saffar and Gregory L. Heileman},
 title = {Computing Information Value from RDF Graph Properties},
 booktitle =   {Proceedings of the 12th International Conference on Information Integration and Web-based Applications \& Services}, 
 address = {Paris}, 
 pages = {349--356}, 
 month = 11, 
 year = {2010}
}
 
 @conference{HeJa:05,
 author = {Gregory L. Heileman and Pramod A. Jamkhedkar},
 title = {{DRM} Interoperability Analysis from the Perspective of a Layered Framework},
 booktitle = {Proceedings of the Fifth ACM Workshop on Digital Rights Management},
 address = {Alexandria, VA},
 pages = {17--26},
 month = 11,
 year = {2005}
}
  
@conference{HeJaKhHr:07,
 author = {Gregory L. Heileman and Pramod A. Jamkhedkar and Joud Khoury and Curtis J. Hrncir},
 title = {The {DRM} Game},
 booktitle = {Proceedings of the Seventh ACM Workshop on Digital Rights Management},
 address = {Alexandria, VA},
 pages = {54--62},
 month = 10,
 year = {2007}
 }

@techreport{HeHeFiSt:09,
 author = {Mark D. Heileman and Gregory L. Heileman and Andrew T. Finnell and Paul M. Stathis}, 
 title = {Green Wave Trust Evaluation Architecture},
 institution = {Modus Operandi, Inc.},  
 address = {Indialantic, FL},  
 year = {2009},
 number = {AFRL-RY-WP-TR-2008-1256},
 note = {SBIR Phase I Final Report}
 }

@techreport{HeHeGiEv:10,
 author = {Mark D. Heileman and Gregory L. Heileman and Mike Gilger and Jason Evans}, 
 title = {SMASHUP: A Formal Framework for Secure Mashups},
 institution = {Modus Operandi, Inc.},  
 address = {Melbourne, FL},  
 year = {2010},
 number = {AFRL-RI-RS-TR-2011-044},
 note = {SBIR Phase I Final Report}
 }

@inproceedings {HeHeHw:09,
  author = {Mark D. Heileman and Gregory L. Heileman and Jong S. Hwang},
  title = {Integrating Subjective Trust into Networked Infrastructures}, 
  booktitle = {21st Annual Systems and Software Technology Conference},
  address = {Salt Lake City, UT},
  month = 4,
  year = {2009}
  }

@techreport{HeHeNaLa:12,
 author = {Mark D. Heileman and Gregory L. Heileman and Edward J. Nava and Christopher C. Lamb}, 
 title = {Nublu: Assured Information Sharing in Clouds},
 institution = {Modus Operandi, Inc.},  
 address = {Melbourne, FL},  
 year = {2012},
 number = {Contract No. FA8750-12-C-0132},
 note = {SBIR Phase I Final Report}
 }

@inproceedings {HeHeShGiJa:11,
  author = {Mark D. Heileman and Gregory L. Heileman and Matthew P. Shaver and Mike Gilger and Pramod A. Jamkhekar},
  title = {SMASHUP: {S}ecure Mashup for Defense Transformation and Net-Centric Systems}, 
  booktitle = {Proceedings of the SPIE: Defense Transformations and Net-Centric Systems 2011 (Vol. 8062)},
  address = {Orlando, FL},
  month = 6,
  year = {2011},
  url = {http://dx.doi.org/10.1117/12.883486}
  }
  
@techreport(HuFeKu:06,
 author = {Vincent Hu and  David Ferraiolo and Rick Kuhn},
 title = {Assessment of Access Control Systems},
 institution = {National Institute of Standards and Technology},
 month = 9,
 year = {2006},
 url = {http://csrc.nist.gov/publications/nistir/7316/NISTIR-7316.pdf})
 
@conference(JaHe:04,
 author = { Pramod A. Jamkhedkar and Gregory L. Heileman},
 title = {{DRM} as a Layered System},
 booktitle = {Proceedings of the Fourth ACM Workshop on Digital Rights Management},
 address = {Alexandria, VA},
 pages = {11--21},
 month = 10,
 year = {2004})  
  
@inproceedings (JaHe:08,
  author = {Pramod A. Jamkhedkar and Gregory L. Heileman},
  title = {A Formal Conceptual Model for Rights},
  booktitle = {Proceedings of the Eighth ACM Workshop on Digital Rights Management}, 
  address = {Alexandria, VA}, 
  pages = {29--38}, 
  month = 10,
  year = {2008})  
  
@incollection(JaHe:08b,
  author =	 {Pramod A. Jamkhedkar and Gregory L. Heileman},
  booktitle =  {Handbook of Research on Secure Multimedia Distribution},
  title = {Rights Expression Languages},
  publisher = {{IGI} Publishing},
  editor = {Shiguo Lian and Yan Zhang},
  year = {2008})

@inproceedings (JaHeLa:10,
  author= {Pramod A. Jamkhedkar and Gregory L. Heileman and Christopher C. Lamb},
  title = {An Interoperable Usage Management Framework},
  booktitle = {Proceedings of the Tenth ACM Workshop on Digital Rights Management}, 
  pages = {73--88}, 
  address = {Chicago, IL},
  month = 10, 
  year = {2010})

@conference(JaHeMa:06,
  author = {Pramod A. Jamkhedkar and Gregory L. Heileman and  Ivan Mart\'inez-Ortiz},
  title = {The Problem with Rights Expression Languages},
  booktitle = {Proceedings of the Sixth ACM Workshop on Digital Rights Management},
  address = {Alexandria, VA},
  month = 11,
  pages = {59--67},
  year = {2006}) 

@inproceedings (JaLaHe:11,
  author = {Pramod A. Jamkhedkar and Christopher C. Lamb and Gregory L. Heileman},
  title = {Usage Management in Cloud Computing}, 
  booktitle = {Proceedings of the 2011 IEEE 4th International Conference on Cloud Computing},
  pages = {525--532},
  address = {Washington, DC},
  month = 7,
  year = {2011})
 
@incollection (JaLaHe:12,
  author = {Pramod A. Jamkhedkar and Christopher C. Lamb and Gregory L. Heileman},
  title = {Usage Management in Cloud Computing}, 
  editor = {Frank Hartung, Ton Kalker and Shiguo Lian}, 
  booktitle = {Digital Rights Management: Technology, Standards and Applications}, 
  publisher = {Auerbach Publications}, 
  year = {2012})
  
@inproceedings (LaHe:12,
  author = {Christopher C. Lamb and Gregory L. Heileman},
  title = {Overlay Architectures Enabling Cloud Computing for Multi-Level Security Environments},
  booktitle = {Proceedings of the IEEE Eighth World Congress on Services (SERVICES)}, 
  address = {Hawaii},
  pages = {116--124}, 
  month = 6, 
  year = {2012})
  
 @article(LaHe:12b,
   author = {Christopher Charles Lamb and Gregory Heileman},
   title = {Content-centric Information Protection in Cloud Computing},
   journal = {International Journal of Cloud Computing and Services Science},
   volume = {2},
   number = {1},
   year = {2012},
   pages = {246--257},
   ISSN={2089-3337},)
  
@article (LaHe:13,
  author = {Christopher C. Lamb and Gregory L. Heileman},
  title =  {Content-centric Information Protection in the Cloud}, 
  journal = {International Journal of Cloud Computing and Services Science  (IJ-CLOSER)}, 
  volume= {2},
  number = {1},
  pages = {246--257}, 
  year = {2013})
  
@inproceedings (LaJaBoNaHe:11,
  author = {Christopher C. Lamb and Pramod A. Jamkhedkar and Matthew P. Bohnsack and Vishwanath Nandina and Gregory L. Heileman},
  title = {A Domain Specific Language for Usage Management},
  booktitle = {Proceedings of the Eleventh ACM Workshop on Digital Rights Management}, 
  address = {Chicago, IL},
  pages = {51--62}, 
  month = 10, 
  year = {2011}) 
 
 @inproceedings (LaJaHeAb:11, 
  author = {Christopher C. Lamb and Pramod A. Jamkhedkar and Gregory L. Heileman and Chaouki T. Abdallah},
  title = {Managed Control of Composite Cloud Systems},
  booktitle = {Proceedings of the Sixth IEEE International Conference on System of Systems Engineering (SoSE)}, 
  address = {Albuquerque, NM},
  pages = {167--172}, 
  month = 6,
  year = {2011})
  
@inproceedings(PeHeAb:07,
   author = {Fernando P\'erez-Gonz\'alez and Gregory L. Heileman and Chaouki T. Abdallah},
   title = {Benford's Law in Image Processing},
   booktitle ={Proceedings of the IEEE International Conference on Image Processing (ICIP)}, 
   pages = {I-405--I-408},
   address = {San Antonio, TX}, 
   month = 9, 
   year = {2007})   
 
 @misc(PiHe:04,
  author = {Carlos E. Pizano and Gregory L. Heileman},
  title = {Method for Securing Video Images. 6,731,756 {USA}},
  month = 5,
  year = {2004})
  
@inproceedings(QuPeHe:09,
  author = {Tu-Thach Quach and Fernando P\'erez-Gonz\'alez and Gregory L. Heileman},
  title = {Model-Based Steganalysis Using Invariant Features},
  booktitle = {IS\&T/SPIE Electronic Imaging Science and Technology: Media Forensics and Security XI (Conference EI120)}, 
  address = {San Jose, CA}, 
  month = 1, 
  year = {2009}) 
  
@misc{Informatics,
  key = {Informatics},
  title = {{Informatics Research Laboratory, Department of Electrical \& Computing Engineering, University of New Mexico}},
  url = {http://www.ece.unm.edu/informatics},
  month = 3,
  year = {2013}
}
  
