
@online{datacentermarket,
  title = {Data Center Networking Market To Reach \$21.85 Billion By 2018: Report},
  month = feb,
  year = {2015},
  url = {http://www.networkcomputing.com/networking/data-center-networking-market-to-reach-$2185-billion-by-2018-report/d/d-id/1234507?}
}

@online{cloudmarket,
  title = {Gartner Says Worldwide Public Cloud Services Market to Total \$131 Billion},
  month = feb,
  year = {2015},
  url = {http://www.gartner.com/newsroom/id/2352816}
}

@inproceedings{JaAlDu:12,
  author = {Jafarian, Jafar Haadi and Al-Shaer, Ehab and Duan, Qi},
  title = {Openflow Random Host Mutation: Transparent Moving Target Defense Using Software Defined Networking},
  booktitle = {Proceedings of the First Workshop on Hot Topics in Software Defined Networks},
  series = {HotSDN '12},
  year = {2012},
  isbn = {978-1-4503-1477-0},
  pages = {127--132},
  numpages = {6},
  url = {http://doi.acm.org/10.1145/2342441.2342467},
  doi = {10.1145/2342441.2342467},
  acmid = {2342467},
  publisher = {ACM},
  address = {New York, NY, USA},
  keywords = {ip mutation, moving target defense, security, software-defined networking},
}

@inproceedings{AtPaWe:03,
  title={Adaptive use of network-centric mechanisms in cyber-defense},
  author={Atighetchi, Michael and Pal, Partha and Webber, Franklin and Jones, Christopher},
  booktitle={Object-Oriented Real-Time Distributed Computing, 2003. Sixth IEEE International Symposium on},
  pages={183--192},
  year={2003},
  organization={IEEE}
}

@article{AnAkPe:07,
  title={Defending against hitlist worms using network address space randomization},
  author={Antonatos, Spyros and Akritidis, Periklis and Markatos, Evangelos P and Anagnostakis, Kostas G},
  journal={Computer Networks},
  volume={51},
  number={12},
  pages={3471--3490},
  year={2007},
  publisher={Elsevier}
}

@inproceedings{KeFiLo:01,
  title={Dynamic approaches to thwart adversary intelligence gathering},
  author={Kewley, Dorene and Fink, Russ and Lowry, John and Dean, Mike},
  booktitle={DARPA Information Survivability Conference \&amp; Exposition II, 2001. DISCEX'01. Proceedings},
  volume={1},
  pages={176--185},
  year={2001},
  organization={IEEE}
}

@online{docker,
title = {Docker - Build, Ship and Run Any App, Anywhere},
month = jan,
year = {2015},
url = {http://www.docker.com}
}


@online{docker_api,
title = {Docker Remote API v1.17},
month = jan,
year = {2015},
url = {https://docs.docker.com/reference/api/docker_remote_api_v1.17/}
}

@online{opendaylight,
title = {OpenDaylight | A Linux Foundation Collaborative Project},
month = may,
year = {2014},
url = {http://www.opendaylight.org/}
}

@online{honeypot,
title = {The Honeynet Project},
month = jan,
year = {2015},
url = {http://www.honeynet.org/}
}

@techreport{MoShVo:04,
 author = {Moore, D. and Shannon, C. and Voelker, G. and Savage, S.}, 
 title = {{Network Telescopes: Technical Report}},
 institution = {Cooperative Association for Internet Data Analysis (CAIDA)},
 month = jul,
 year = {2004},
 keywords = {security   measurement methodology   network telescope}
}


@techreport{openflow1.4,
 Institution = {Open Networking Foundation},
 address = {Palo Alto, CA, USA},
 Title = {Openflow Switch Specification},
 number = {1.4.0},
 Type = {ONF},
 Year = {2013}
}